% This file was created with JabRef 2.10.
% Encoding: Cp1252


@Misc{skript,
  Title                    = {Anleitung zum Versuch Quantum Analogs},

  Author                   = {R. Matzdorf},
  HowPublished             = {http://129.217.224.2/HOMEPAGE/Anleitung\_FPBSc.html},
  Month                    = {Mai},
  Year                     = {2017},

  Owner                    = {Matze},
  Timestamp                = {2015.11.05}
}

@Electronic{Konstanten,
  Title                    = {CODATA Recommended Values of the Fundamental Physical Constants},
  Month                    = {Mai},
  Url                      = {http://physics.nist.gov/cuu/Constants/index.html},
  Year                     = {2017},

  Owner                    = {Matze},
  Timestamp                = {2015.11.05}
}

@Electronic{peakdetect,
  Title                    = {Peak detection in Python},
  Month                    = {Mai},
  Url                      = {https://gist.github.com/gcalmettes/1784428},
  Year                     = {2017},

  Owner                    = {Matze},
  Timestamp                = {2017.05.12}
}

@Electronic{sound,
  Title                    = {Speed of Sound in Air},
  Month                    = {Mai},
  Url                      = {http://hyperphysics.phy-astr.gsu.edu/hbase/Sound/souspe.html},
  Year                     = {2017},

  Owner                    = {Matze},
  Timestamp                = {2017.05.13}
}

