% This file was created with JabRef 2.10.
% Encoding: Cp1252


@Electronic{Konstanten,
  Title                    = {CODATA Recommended Values of the Fundamental Physical Constants},
  Month                    = {November},
  Url                      = {http://physics.nist.gov/cuu/Constants/index.html},
  Year                     = {2015},

  Owner                    = {Matze},
  Timestamp                = {2015.11.05}
}

@Misc{skript,
  Title                    = {TU Dortmund - Fachbereich Physik : Anf√§ngerpraktikum Anleitung zu Versuch Nr. 605},
  HowPublished             = {http://129.217.224.2/HOMEPAGE/Anleitung\_AP.html},
  Month                    = {November},
  Year                     = {2015},

  Owner                    = {Matze},
  Timestamp                = {2015.11.05}
}

@Book{lit1,
  Title                    = {Lehrbuch der Experimentalphysik, Bd. 4},
  Author                   = {Ludwig Bergmann and Clemens Schaefer},
  Publisher                = {Walter de Gruyter GmbH},
  Editor                   = {Wilhelm Raith},
  Year                     = {1992},

  Owner                    = {Matze},
  Timestamp                = {2016.04.30}
}
