% This file was created with JabRef 2.10.
% Encoding: Cp1252


@Electronic{Konstanten,
  Title                    = {CODATA Recommended Values of the Fundamental Physical Constants},
  Month                    = {Mai},
  Url                      = {http://physics.nist.gov/cuu/Constants/index.html},
  Year                     = {2016},

  Owner                    = {Matze},
  Timestamp                = {2015.11.05}
}

@Misc{skript,
  Title                    = "TU Dortmund - Fachbereich Physik : Anfängerpraktikum Anleitung zu Versuch Nr. 203",
  HowPublished             = "http://129.217.224.2/HOMEPAGE/Anleitung\_AP.html",
  Month                    = "Mai",
  Year                     = "2016",

  Owner                    = "Matze",
  Timestamp                = "2015.11.05",
}

@Misc{phywe,
  Title                    = "PHYWE: Geiger-Müller Zählrohr 15 mm (Typ B)",
  HowPublished             = "https://www.phywe.de/de/geiger-mueller-zaehlrohr-15-mm-typ-b.html",
  Month                    = "Mai",
  Year                     = "2016",

  Owner                    = "Matze",
  Timestamp                = "2015.11.05",
}
