% This file was created with JabRef 2.10.
% Encoding: Cp1252

@Misc{Werte,
  Title                    = {Eigenschaften von den verwendeten Elementen},
  Month                    = {Mai},
  Year                     = {2016},
  Owner                    = {Hotte},
  Timestamp                = {2016.05.22},
  Url                      = {http://www.nndc.bnl.gov/nudat2/chartNuc.jsp}
}

@Electronic{Konstanten,
  Title                    = {CODATA Recommended Values of the Fundamental Physical Constants},
  Month                    = {Mai},
  Url                      = {http://physics.nist.gov/cuu/Constants/index.html},
  Year                     = {2016},

  Owner                    = {Matze},
  Timestamp                = {2015.11.05}
}

@Misc{skript,
  Title                    = "TU Dortmund - Fachbereich Physik : Anf√§ngerpraktikum Anleitung zu Versuch Nr. 702",
  HowPublished             = "http://129.217.224.2/HOMEPAGE/Anleitung\_AP.html",
  Month                    = "November",
  Year                     = "2016",

  Owner                    = "Matze",
  Timestamp                = "2016.05.20",
}
