% This file was created with JabRef 2.10.
% Encoding: Cp1252


@Electronic{Konstanten,
  Title                    = {CODATA Recommended Values of the Fundamental Physical Constants},
  Month                    = {November},
  Url                      = {http://physics.nist.gov/cuu/Constants/index.html},
  Year                     = {2015},

  Owner                    = {Matze},
  Timestamp                = {2015.11.05}
}

@Misc{skript,
  Title                    = "TU Dortmund - Fachbereich Physik : Anf√§ngerpraktikum Anleitung zu Versuch Nr. 601",
  HowPublished             = "http://129.217.224.2/HOMEPAGE/Anleitung\_AP.html",
  Month                    = "November",
  Year                     = "2015",

  Owner                    = "Matze",
  Timestamp                = "2015.11.05",
}

@Misc{anregungsenergie,
  Title                    = "Uni Goettingen; Anregungsenergie von Quecksilber",
  HowPublished             = "https://lp.uni-goettingen.de/get/text/1612",
  Month                    = "April",
  Year                     = "2016",

  Timestamp                = "2016.04.25",
}

@Misc{ionisationsenergie,
  Title                    = "periodensystem.info; Ionisationsenergie",
  HowPublished             = "http://www.periodensystem.info/elemente/quecksilber/",
  Month                    = "April",
  Year                     = "2016",
  Timestamp                = "2016.04.25",
}
