% This file was created with JabRef 2.10.
% Encoding: Cp1252


@Electronic{Konstanten,
  Title                    = {CODATA Recommended Values of the Fundamental Physical Constants},
  Month                    = {November},
  Url                      = {http://physics.nist.gov/cuu/Constants/index.html},
  Year                     = {2015},

  Owner                    = {Matze},
  Timestamp                = {2015.11.05}
}

@Misc{skript,
  Title                    = "TU Dortmund - Fachbereich Physik : Anfängerpraktikum Anleitung zu Versuch US1",
  HowPublished             = "http://129.217.224.2/HOMEPAGE/PHYSIKER/BACHELOR/AP/SKRIPT/UltraschallGL.pdf",
  Month                    = "Mai",
  Year                     = "2016",

  Owner                    = "Matze",
  Timestamp                = "2015.11.05",
}

@MastersThesis{anpassungsschicht,
  author =       "Marek Parusel",
  title =        "Entwurf und Realisierung von Ultraschallwandlern für die Abbildung von spiegelnden Konturen",
  school =       "Ruhr-Universität Bochum",
  year =         "2005",
  OPTmonth =     "September",
    HowPublished             = "http://www.ruhr-uni-bochum.de/hft/research/blech/Blech-Dateien/2005_Diplomarbeit_Parusel.pdf",
  pages =       "24",
}

@Misc{acryl,
  Title                    = "Schallgeschwindigkeiten im Material",
  HowPublished             = "http://www.olympus-ims.com/de/ndt-tutorials/thickness-gage/appendices-velocities/",
  Month                    = "Mai",
  Year                     = "2016",

  Owner                    = "Johannes",
  Timestamp                = "2015.11.05",
}
