% This file was created with JabRef 2.10.
% Encoding: Cp1252


@Electronic{Konstanten,
  Title                    = {CODATA Recommended Values of the Fundamental Physical Constants},
  Month                    = {November},
  Url                      = {http://physics.nist.gov/cuu/Constants/index.html},
  Year                     = {2015},

  Owner                    = {Matze},
  Timestamp                = {2015.11.05}
}

@Misc{skript,
  Title                    = "TU Dortmund - Fachbereich Physik : Anf√§ngerpraktikum Anleitung zu Versuch US2",
  HowPublished             = "http://129.217.224.2/HOMEPAGE/PHYSIKER/BACHELOR/AP/SKRIPT/UltraschallScan.pdf",
  Month                    = "Mai",
  Year                     = "2016",

  Owner                    = "Matze",
  Timestamp                = "2015.11.05",
}

@Misc{schall,
  Title                    = "Schallgeschwindigkeiten im Material",
  HowPublished             = "http://www.olympus-ims.com/de/ndt-tutorials/thickness-gage/appendices-velocities/",
  Month                    = "Mai",
  Year                     = "2016",

  Owner                    = "Johannes",
  Timestamp                = "2015.11.05",
}
